@book{rotman1999introduction,
  address = {New York; Berlin; Heidelberg [etc.]},
  author = {Rotman, Joseph Jonah},
  isbn = {0387942858 9780387942858 3540942858 9783540942856},
  keywords = {Groups},
  pages = {513},
  publisher = {Springer-Verlag},
  refid = {491613368},
  title = {An Introduction to the Theory of Groups},
  year = 1999
}

@book{hatcher2002AT,
  added-at = {2011-11-11T03:25:59.000+0100},
  address = {Cambridge},
  author = {Hatcher, Allen},
  biburl = {https://www.bibsonomy.org/bibtex/2a001f8991d1935a94831c18d9e85756d/mwpb479},
  file = {:C\:\\Users\\mat\\Documents\\Pdfs\\AT.pdf:PDF},
  groups = {public},
  interhash = {bf666f5059c799f3b1a723fd79c616d6},
  intrahash = {a001f8991d1935a94831c18d9e85756d},
  isbn = {0-521-79160-X; 0-521-79540-0},
  keywords = {},
  mrclass = {55-01 (55-00)},
  mrnumber = {1867354 (2002k:55001)},
  mrreviewer = {Donald W. Kahn},
  pages = {xii+544},
  publisher = {Cambridge University Press},
  timestamp = {2011-11-11T03:25:59.000+0100},
  title = {Algebraic topology},
  username = {mwpb479},
  year = 2002
}


@book{bridges1994,
  place = {New York},
  title = {Computability},
  publisher = {Springer},
  author = {Bridges, Douglas S},
  year = {1994}
}

@article{church1932,
 ISSN = {0003486X},
 URL = {http://www.jstor.org/stable/1968337},
 author = {Alonzo Church},
 journal = {Annals of Mathematics},
 number = {2},
 pages = {346--366},
 publisher = {Annals of Mathematics},
 title = {A Set of Postulates for the Foundation of Logic},
 urldate = {2022-05-09},
 volume = {33},
 year = {1932}
}

@article{kleene-rosser1935,
 ISSN = {0003486X},
 URL = {http://www.jstor.org/stable/1968646},
 author = {S. C. Kleene and J. B. Rosser},
 journal = {Annals of Mathematics},
 number = {3},
 pages = {630--636},
 publisher = {Annals of Mathematics},
 title = {The Inconsistency of Certain Formal Logics},
 urldate = {2022-05-09},
 volume = {36},
 year = {1935}
}

@article{church1936,
 ISSN = {00029327, 10806377},
 URL = {http://www.jstor.org/stable/2371045},
 author = {Alonzo Church},
 journal = {American Journal of Mathematics},
 number = {2},
 pages = {345--363},
 publisher = {Johns Hopkins University Press},
 title = {An Unsolvable Problem of Elementary Number Theory},
 urldate = {2022-05-09},
 volume = {58},
 year = {1936}
}

@article{Post1947,
  title={Recursive Unsolvability of a Problem of Thue},
  author={Emil L. Post},
  journal={J. Symb. Log.},
  year={1947},
  volume={12},
  pages={1-11}
}

@article{markov1951,
	year = {1951},
	doi = {10.2307/2266407},
	title = {Impossibility of Certain Algorithms in the Theory of Associative Systems},
	volume = {16},
	publisher = {Association for Symbolic Logic},
	pages = {215--215},
	author = {A. Markov},
	journal = {Journal of Symbolic Logic},
	number = {3}
}
